% This file was created with JabRef 2.7b.
% Encoding: UTF-8

@ELECTRONIC{Dausend.Farahbod.ea2012,
  author = {Dausend, M. and Farahbod, R. and M端ller, M. and Raschke, A. and Stegmaier,
	M.},
  year = {2012},
  title = {{The CoreASM Project}},
  howpublished = {https://github.com/CoreASM/coreasm.core},
  organization = {http://www.coreasm.org},
  url = {https://github.com/CoreASM/coreasm.core},
  owner = {marcel},
  timestamp = {2013.02.28}
}

@INPROCEEDINGS{Dausend.Stegmaier.ea2012,
  author = {Dausend, M. and Stegmaier, M. and Raschke, A.},
  title = {{D}ebugging {A}bstract {S}tate {M}achine {S}pecifications: {A}n {E}xtension
  of {C}ore{ASM}},
  booktitle = {Proceedings of the Posters \& Tool demos Session, iFM 2012 \& ABZ
  2012},
  year = {2012},
  file = {Dausend.Stegmaier.ea2012.pdf:Dausend.Stegmaier.ea2012.pdf:PDF},
  isbn = {978-88-7958-008-3},
  owner = {marcel},
  timestamp = {2013.01.09}
}

@INPROCEEDINGS{Dausend.Stegmaier.ea2012,
  author = {Dausend, M. and Stegmaier, M. and Raschke, A.},
  title = {{D}ebugging {A}bstract {S}tate {M}achine {S}pecifications: {A}n {E}xtension
	of {C}ore{ASM}},
  booktitle = {Proceedings of the Posters \& Tool demos Session, iFM 2012 \& ABZ
	2012},
  year = {2012},
  file = {Dausend.Stegmaier.ea2012.pdf:Dausend.Stegmaier.ea2012.pdf:PDF},
  isbn = {978-88-7958-008-3},
  owner = {marcel},
  timestamp = {2013.01.09}
}

@MASTERSTHESIS{Mueller2012,
  author = {M端ller, M.},
  title = {{Entwicklung eines Editors f端r CoreASM --- Redesign nach Software
	Engineering Methoden}},
  school = {University of Ulm},
  year = {2012},
  type = {Diplomathesis},
  owner = {marcel},
  timestamp = {2013.02.28}
}

@MANUAL{Rarahbod2011,
  title = {{CoreASM Language User Manual}},
  author = {Rarahbod, R.},
  edition = {engine version 1.5-beta},
  year = {2011},
  owner = {marcel},
  timestamp = {2013.02.28},
  url = {www.coreasm.org}
}

@MASTERSTHESIS{Stegmaier2012,
  author = {Stegmaier, M.},
  title = {{Entwurf und Implementierung eines Debuggers f端r Abstract State Machines
	in CoreASM}},
  school = {University of Ulm},
  year = {2012},
  type = {Bachelorthesis},
  owner = {marcel},
  timestamp = {2013.02.28}
}

