@preamble{{\small}}

%
%  $Description: SFU, Software Engineering Group, BPEL Abstract Machine, Bibliography$ 
% 
%  $Author: Roozbeh Farahbod$ 
% 
%  Revision: #5 (new revisioning)
%


%%%%%%%%%%%%%%%%%%%%%%%%%%%%%%%%%%%%%%%%%%%%%%%%%%        
@Article{AaDuHoWo03,
	author = {W.M.P. van der Aalst and M. Dumas and A.H.M. ter Hofstede and P. Wohed},
	title = {Analysis of Web Services Composition Languages: The Case of BPEL4WS},
	journal = {1st Web Services Quality Workshop (WQW 2003)},
	editor = {I.Y. Song, S.W. Liddle, and T.W. Ling},
  booktitle =    {22nd International Conference on Conceptual Modeling (ER 2003)},
  address =      {Berlin},		  
  series =       {Lecture Notes in Computer Science},
  year =         {2003},
  publisher =    {Springer-Verlag}	
}

%%%%%%%%%%%%%%%%%%%%%%%%%%%%%%%%%%%%%%%%%%%%%%%%%%        
@TechReport{AaDuHoWo02,
  author = 	 {W.M.P. van der Aalst and M. Dumas and A.H.M. ter Hofstede and P. Wohed},
  title = 	 {{Pattern-Based Analysis of BPML (and WSCI)}},  
  institution =  {Queensland University of Technology},
  year = 	 {2002},
  type =	 {Technical Report},
  number =	 {FIT-TR-2002-05},
  location = {Brisbane}
}	
%%%%%%%%%%%%%%%%%%%%%%%%%%%%%%%%%%%%%%%%%%%%%%%%%%%
@inproceedings{AbaYos01,
 author = {M.~A. Anwar and T. Yoshida},
 title = {{Integrating OO Road Network Database, Cases and Knowledge for Route Finding}},
 booktitle = {Proceedings of the 2001 ACM Symposium on Applied computing},
 year = {2001},
 isbn = {1-58113-287-5},
 pages = {215--219},
 location = {Las Vegas, Nevada, United States},
 doi = {http://doi.acm.org/10.1145/372202.372325},
 publisher = {ACM Press}
 }

%%%%%%%%%%%%%%%%%%%%%%%%%%%%%%%%%%%%%%%%%

@book{Abrial96,
  author = {J.R. Abrial}, 
  title = {{The B-Book: Assigning Programs to Meanings}}, 
  publisher = {Cambridge University Press}, 
  year = 1996
}

%%%%%%%%%%%%%%%%%%%%%%%%%%%%%%%%%%%%%%%%%%%%%%%%%%%%%%%%%
@misc{AgnEnr94,
  author = {A. Agnar and P. Enric},
  title = {{Case-based reasoning : Foundational issues, methodological variations,
    and system approaches}},
  text = {Aamodt Agnar and Plaza Enric, Case-based reasoning : Foundational issues,
    methodological variations, and system approaches, AI Communications, 7(1),
    March 1994},
  year = {1994},
  URL = {citeseer.ist.psu.edu/48042.html}
}

%%%%%%%%%%%%%%%%%%%%%%%%%%%%%%%%%%%%%%%
@BOOK{AhoSethiUll88,  author = {Alfred V. Aho and Ravi Sethi and Jeffrey D. Ullman},  title = "Compilers: Principles, Techniques and Tools",  publisher = "Addison-Wesley",  year = "1988"}

%%%%%%%%%%%%%%%%%%%%%%%%%%%%%%%%%%%%%%%%%
@manual{AnnexF3,
  author = {{ITU-T Recommendation Z.100 Annex F (11/00)}},
  title = {{SDL Formal Semantics Definition}},
  organization = {International Telecommunication Union},
  location = {Geneva},
  year = {2001}
}

%%%%%%%%%%%%%%%%%%%%%%%%%%%%%%%%%%%%%%%%%
@manual{AsmGofer,
	author = {Joachim Schmid},
	title = {Executing {ASM} Specitications with {AsmGofer}},
	note = {Last visited Sep. 2005, \url{www.tydo.de/AsmGofer/}}
}

%%%%%%%%%%%%%%%%%%%%%%%%%%%%%%%%%%%%%%%%%
@manual{AsmL,
  title = {The Abstract State Machine Language},
  organization = {Microsoft FSE Group},
  note = {Last visited June 2003, \url{http://research.microsoft.com/fse/asml/}}
}
%%%%%%%%%%%%%%%%%%%%%%%%%%%%%%%%%%%%%%%%%%%%5
@Article{Bankes02,
	author = {S. Bankes},
	title = {Agent-based Modeling: A Revolution?},
	journal = {Proceedings of the National Academy of Science of the United States of America},
	year = {2002}, 
	volume = {99},
	issue = {supp.~3},
	pages = {7199---7200},
}

%%%%%%%%%%%%%%%%%%%%%%%%%%%%%%%%%%%%%%%%%%%%%%%%%%%%%
@InProceedings{BarPea92,
	author = {R. Barr and K. Pease}, 
	title = {{A Place for Every Crime and Every Crime in Its Place: An Alternative Perspective on Crime Displacement}}, 
	booktitle = {Crime, Policing and Place: Essays in Environmental Criminology}, 
  year = {1992},
  pages = {196-216},
  editors = {D.~J. Evans and N.~R. Fyfe and D.~T. Herbert},
	location = {London \& New York},
	publisher = {Routlede}
}

%%%%%%%%%%%%%%%%%%%%%%%%%%%%%%%%%%%%%%%%%%%%%%%%%% 
@InProceedings{BeGlLu03,
 author = {A. Benczur and U. Gl{\"a}sser and T. Lukovszki},
 title = {{Formal Description of a Distributed Location Service for Ad Hoc Mobile Networks}},
 
 booktitle = {Abstract State Machines 2003 - Advances in Theory and Practice},
 editor = {E. B{\"o}rger and A. Gargantini and E. Riccobene}, 
 volume = {2589},
 year = {2003},
 pages = {204--217},
 publisher = {Springer}
}

%%%%%%%%%%%%%%%%%%%%%%%%%%%%%%%%%%%%%%%%%%%%%%%%%%        
@article{BlaGur03,
	author = {Andreas Blass and Yuri Gurevich},
  title = {{Abstract State Machines Capture Parallel Algorithms}},
  journal = {ACM Transactions on Computation Logic},
  volume = {4},
  number = {4},
  pages = {578--651},
  year = {2003}
}

%%%%%%%%%%%%%%%%%%%%%%%%%%%%%%%%%%%%%%%%%
@Article{Boerger03,
  author = {Egon B{\"o}rger},
  title = {{The ASM Refinement Method}},
  journal = {Formal Aspects of Computing},
  year = 2003,
  issue = {15},
  pages = {237-257}
}

%%%%%%%%%%%%%%%%%%%%%%%%%%%%%%%%%%%%%%%%%

@inproceedings{Boerger03b,
	author="E. B{\"o}rger",
	title="The {ASM} Ground Model Method as a Foundation for Requirements Engineering",
	booktitle="Verification: Theory and Practice",
	year=2003,
	pages= "145--160"
}

%%%%%%%%%%%%%%%%%%%%%%%%%%%%%%%%%%%%%%%%%

@article{BoeFru04,
	author="E. B{\"o}rger and N. G. Fruja and V. Gervasi and R. F. St{\"a}rk",
	title="A high-level modular definition of the semantics of {C\#}",
	journal="Theoretical Computer Science",
	volume=336,
	number="2/3",
	pages="235-284",
	publisher="Elsevier",
	month=may,
	year=2005
}

%%%%%%%%%%%%%%%%%%%%%%%%%%%%%%%%%%%%%%%%%
@techreport{BoFrGeSt04,
  author = {Egon B{\"o}orger and Nicu G. Fruja and Vincenzo Gervasi and Robert F. St{\"a}rk},
  title = {{A High-Level Modular Definition of the Semantics of C\#}},
  institution = {University of Pisa and ETH Z{\"u}rich},
  year = {2004},
  month = {March}
}  

%%%%%%%%%%%%%%%%%%%%%%%%%%%%%%%%%%%%%%%%%

@InProceedings{BotWal02,
	author= {A.~E. Bottoms and P. Wale},
	title= {Environmental Criminology},
	booktitle= {The Oxford Handbook of Criminology (3rd ed.)},
	editors = {M. Maguire and R. Morgan and R. Reiner},
	year=2002,
	location = {Oxford},
	publisher = {Oxford University Press},
	pages = {620---656},
}
%%%%%%%%%%%%%%%%%%%%%%%%%%%%%%%%%%%%%%%%%

@misc{BPEL-LRM-11,
  title = {Business Process Execution Language for Web Services Version 1.1},
  author = {Tony Andrews and others},
  organization = {BEA Systems, IBM,
                  Microsoft, SAP AG, Siebel Systems},
  note = {Last visited Feb. 2005, \url{http://ifr.sap.com/bpel4ws/}},
  month = {May},
  year = 2003
}
%%%%%%%%%%%%%%%%%%%%%%%%%%%%%%%%%%%%%%%%%

@InProceedings{BraBra78,
	author = {P.~J. Brantingham and P.~L. Brantingham},
	title = {{A Theoretical Model of Crime Site Selection}},	
	booktitle = {Crime, Law and Sanctions},
  editor = {M.~D. Krohn and R.~L. Akers},
  year = {1978},
  location = {Beverly Hills, California},
  publisher = {Sage Publications Inc.},
  pages = {}
}

%%%%%%%%%%%%%%%%%%%%%%%%%%%%%%%%%%%%%%%%%
@book{BraBra84,
	author = {P.~J. Brantingham and P.~L. Brantingham},
	title = {{Patterns in Crime}},	
	month = {},
	year = {1984},
	pages = {403},
	keywords = {},
	note = {},
	url = {},
	publication_type = {book},
	submission_id = {},
	ISBN = {0-02-313520-4},
	publisher = {New Tork: Macmillan Publishing Company}
}
%%%%%%%%%%%%%%%%%%%%%%%%%%%%%%%%%%%%%%%%%
@InProceedings{BraBra91,
	author = {P.~J. Brantingham and P.~L. Brantingham},
	title = {{Introduction: The Dimensions of Crime}},	
	booktitle = {Environmental Criminology}, 
  editor = {P.~J. Brantingham and P.~L. Brantingham},
  year = {1991},
  location = {Prospect Heights, Illinois},
  publisher = {Waveland Press},
  pages = {7--26}
}
%%%%%%%%%%%%%%%%%%%%%%%%%%%%%%%%%%%%%%%%%%%
@Article{BraBra93a,
	author = {P.~J. Brantingham and P.~L. Brantingham},
	title = {{Environment, Routine and Situation: Toward a Pattern Theory of Crime}},	
	journal = {Advances in Criminological Theory}, 
  year = {1993},
  vol = {5},
  pages = {259--294}
}

%%%%%%%%%%%%%%%%%%%%%%%%%%%%%%%%%%%%%%%%%%%%
@Article{BraBra93b,
	author = {P.~J. Brantingham and P.~L. Brantingham},
	title = {{Nodes, Paths and Edges: Considerations on the Complexity of Crime and the Physical Environment}},	
	journal = {Journal of Environmental Psychology}, 
  year = {1993},
  vol = {13},
  pages = {3--28}
}
%%%%%%%%%%%%%%%%%%%%%%%%%%%%%%%%%%%%%%%%%%%
@Article{BraBra04,
	author = {P.~J. Brantingham and P.~L. Brantingham},
	title = {{Computer Simulation as a Tool for Environmental Criminologists}},	
	journal = {Security Journal}, 
  year = {2004},
  vol = {},
  pages = {22--30}
}

%%%%%%%%%%%%%%%%%%%%%%%%%%%%%%%%%%%%%%%%%%%
@Article{BrBrGl05,
	author = {P.~J. Brantingham and P.~L. Brantingham and Uwe Gl{\"a}sser},
	title = {{Computer Simulation as a Research Tool in Criminology and Criminal Justice}},	
	journal = {Criminal Justice Matters}, 
  year = {2005},
  month = {February},
  vol = {},
  number = {58},
  publisher = {Centre for Crime and Justice Studies, King College London},
  pages = {}
}

%%%%%%%%%%%%%%%%%%%%%%%%%%%%%%%%%%%%%%%%%
@TechReport{BrGlSiVa05a,
  author = 	 {P.~L. Brantingham and U. Gl{\"a}sser and K. Singh and M.~Vajihollahi},
  title = 	 {{Mastermind: Modeling and Simulation of Criminal Activity in Urban Environments}},  
  number =       "SFU-CMPT-TR-2005-01",
  institution =  {Simon Fraser University},
  month =        "Feb",
  year = 	 "2005",
  type =	 {Technical Report},
  location = {Canada}
}	

%%%%%%%%%%%%%%%%%%%%%%%%%%%%%%%%%%%%%%%%%
@TechReport{BrGlSiVa05b,
  author = 	 {P.~L. Brantingham and U. Gl{\"a}sser and K. Singh and M.~Vajihollahi},
  title = 	 {{Mastermind: Modeling and Simulation of Criminal Activity in Urban Environments}},  
  number =       "SFU-CMPT-TR-2005-14",
  institution =  {Simon Fraser University},
  month =        "Jul",
  year = 	 "2005",
  type =	 {Technical Report},
  location = {Canada},
  note = {Revised version of SFU-CMPT-TR-2005-01, Feb 2005}
}	

%%%%%%%%%%%%%%%%%%%%%%%%%%%%%%%%%%%%%%%
@incollection{BrIsPo91,
    author = {M.~E. Bratman and D. Israel and M. Pollack},
    title = {{Plans and Resource-Bounded Practical Reasoning}},
    booktitle = {Philosophy and {AI}: Essays at the Interface},
    publisher = {The {MIT} Press},
    address = {Cambridge, Massachusetts},
    editor = {R. Cummins and J.~L. Pollock},
    pages = {1--22},
    year = {1991}
  
}

%%%%%%%%%%%%%%%%%%%%%%%%%%%%%%%%%%%%%%%%%%%
@article{BrIsPo88,
  author    = {M.~E. Bratman and 
               D. Israel and
               M.~E. Pollack},
  title     = {{Plans and Resource-Bounded Practical Reasoning}},
  journal   = {Computational Intelligence},
  volume    = {4},
  year      = {1988},
  pages     = {349-355}
  
}
%%%%%%%%%%%%%%%%%%%%%%%%%%%%%%%%%%%%%%%%%
@InProceedings{Burgess25,
 author = {E.~W. Burgess},
 title = {{The Growth of the City}},
 booktitle = {The City: Problems of Planning, Penguin Interdisciplinary Readings},
 editor = {M. Stewart},
 year = {1972(1925)},
 location = {England},
 publisher = {Penguin Books Ltd.},
 pages = {117--129}
}

@InProceedings{CasGla99,
	author = {G.~Del Castillo and U.~Gl{\"a}sser},
	title  = {Simulation and Validation of High-level 
	         {Abstract State Machine} Specifications},
	editor = {H.~Szczerbicka},
	booktitle = {Modelling and Simulation: A Tool for the Next Millenium --
				 Proc.~of the 13th European Simulation Multiconference}, 
    location = {Warsaw, Poland},
    month = {June},
    year = {1999},
    volume = {2},
    pages = {463-465}
}

%%%%%%%%%%%%%%%%%%%%%%%%%%%%%%%%%%%%%%%%%%
@article{ChGoRa96,
 author = {Boris V. Cherkassky and Andrew V. Goldberg and Tomasz Radzik},
 title = {{Shortest Paths Algorithms: Theory and Experimental Evaluation}},
 journal = {Math. Program},
 volume = {73},
 number = {2},
 year = {1996},
 issn = {0025-5610},
 pages = {129--174},
 publisher = {Springer-Verlag New York, Inc.}
}
%%%%%%%%%%%%%%%%%%%%%%%%%%%%%%%%%%%%%%%%%%%%
@InProceedings{Clarke83,
	author = {R.~V. Clarke},
	title = {{Situational Crime Prevention: Its Theoretical Basis and Practical Scope}},	
	booktitle = {Crime and Justice: An Annual Review of Research} ,
  year = {1983},
  vol = {4},
  pages = {225--256},
  editor = {M. Tonry and N. Morris}
}
%%%%%%%%%%%%%%%%%%%%%%%%%%%%%%%%%%%%%%%%%%%%%%%%%
@Article{CohFel79,
  author =   {L.~E. Cohen and M. Felson},
  title =    {{Social Change and Crime Rate Trends: A Routine Activity Approach}},
  journal =  {American Sociological Review},
  vol = {44},
  pages = {588--608},
  year = {1979}
}

%%%%%%%%%%%%%%%%%%%%%%%%%%%%%%%%%%%%%%%%%%%
@book{CoLeRiSt01,
author = { T.~H. Cormen and C.~E. Leiserson and R.~L. Rivest and C. Stein},
title = {{Introduction To Algorithms, Second Edition}},
month = {September},
year = {2001},
pages = {},
keywords = {},
note = {},
url = {http://mitpress.mit.edu/catalog/item/default.asp?ttype=2\&tid=8570},
publication_type = {book},
submission_id = {},
ISBN = {0-262-03293-7},
publisher = {MIT Press}

}
%%%%%%%%%%%%%%%%%%%%%%%%%%%%%%%%%%%%%%%%%%%%%
@Article{CorCla86,
	author = {D. Cornish and R.~V. Clarke},
	title = {{Introduction}},	
	journal = {The Reasoning Criminal: Rational Choice Perspectives on Offending, Research in Criminology} ,
  year = {1986},
  vol = {},
  pages = {1--16},
  publisher = {New York: Springer-Verlag},
}

%%%%%%%%%%%%%%%%%%%%%%%%%%%%%%%%%%%%%%%%%
@manual{CoreASM,
	author = {R. Farahbod and others},
	title = {{The CoreASM Project}},
	note = {\url{http://www.coreasm.org}}
}

%%%%%%%%%%%%%%%%%%%%%%%%%%%%%%%%%%%%%%%%%%%%%%%%%%        

@MISC{CuNaWe01,
  AUTHOR = {Francisco Curbera and William A. Nagy and Sanjiba Weerawarana},
  ORGANIZATION = {{IBM} {T.J.\ Watson Research Center}},
  TITLE = {{Web Services}: Why and How},
  note = {Last visited April 2004, \url{http://researchweb.watson.ibm.com/people/b/bth/OOWS2001/nagy.pdf}},
  YEAR = 2001
}
%%%%%%%%%%%%%%%%%%%%%%%%%%%%%%%%%%%%%%%%%%%%%%%%%%        
@manual{DAML-S,
  title = {DAML-S Specification Version 0.9},
  organization = {BBN Technologies, Carnegie-Mellon University, Nokia, Stanford University, SRI International, and Yale University},
  note = {www.daml.org/services/daml-s},
  month = {May},
  year = 2003
}

%%%%%%%%%%%%%%%%%%%%%%%%%%%%%%%%%%
@article{Davidsson02,
  author = {P. Davidsson},
  title = {{Agent Based Social Simulation: A Computer Science View}},
  journal = {Journal of Artificial Societies and Social Simulation},
  volume = {5},
  issue= {1},
  pages = {},
  month= {January},
  year = {2002},
  URL = {http://jass.soc.surrey.ac.uk/5/1/7.html}
}  
%%%%%%%%%%%%%%%%%%%%%%%%%%%%%%%%%%%%%%%%%
@misc{Davidsson,
  author = {P. Davidsson},
  title = {{Multi Agent Based Simulation: Beyond Social Simulation}},
  text = {},
  year = {},
  URL = {www.ide.hk-r.se/~pdv/Papers/MABS2000.pdf}
} 

%%%%%%%%%%%%%%%%%%%%%%%%%%%%%%%%%%%%%%%%%%%%%%%%%%%%%%%%%%%%
@Article{Dijkstra59,
	author = {E.~W. Dijkstra},
	title = {{A Note On Two Problems In Connection With Graphs}},
	journal = {Numerische Mathematik},
 	volume = {1},
 	year = {1959},
 	pages = {269--271}
  
}
%%%%%%%%%%%%%%%%%%%%%%%%%%%%%%%%%%%%%%%%%%%%%%%%%%%%%%%%%%
@article{DefMag03,
 author = {L.~De Floriani and P. Magillo},
 title = {{Algorithms for visibility computation on terrains: a survey}},
 journal = {Environment and Planning B: Planning and Design},
 year = {2003},
 pages = {709-728},
 volume= {30},
 publisher = {Pion}
}
%%%%%%%%%%%%%%%%%%%%%%%%%%%%%%%%%%%%%%%%%
@book{DerBoi01,
author = {John Derrick and Eerke Boiten},
title = {Refinement in Z and Object-Z: Foundations and Advanced Applications},
month = {May},
year = {2001},
pages = {},
keywords = {},
note = {},
url = {\url{http://www.cs.ukc.ac.uk/pubs/2001/1200}},
publication_type = {book},
submission_id = {768_989581287},
ISBN = {1-85233-245-X},
publisher = {Springer},
series = {Formal Approaches to Computing and Information Technology},
}
%%%%%%%%%%%%%%%%%%%%%%%%%%%%%%%%%%%%%%%%
@incollection{DoPaGiMe94,
  author = {J. Doran and M.Palmer and N. Gilbert and P. Mellars},
  title = {{The EOS project: Modelling Upper Palaeolithic Social Change}},
  booktitle = {Simulating Society: The Computer Simulation of Social Phenomena},
  publisher = {UCL Press},
  year = {1994},
  editor = {N. Gilbert and J. Doran},
  chapter = 9,
  pages = {195--221},
  address = {London}
}

%%%%%%%%%%%%%%%%%%%%%%%%%%%%%%%%%%%%%%%
@article{DrVaMe03,
  author = {A. Drogoul and D. Vanbergue and T. Meurisse },
  title = {{Multi-Agent Based Simulation: Where Are the Agents?}},
  journal = {Journal of Artificial Societies and Social Simulation},
  volume = {6},
  issue= {2},
  pages = {},
  location={Bologna,Italy},
  month= {July},
  year = {2002}
 
}
%%%%%%%%%%%%%%%%%%%%%%%%%%%%%%%%%%%%%%%%%
@incollection{DrFe94,
  author = {A. Drogoul and J. Ferber},
  title = {{Multi-Agent Simulation as a Tool for Studying Emergent Processes in Societies}},
  booktitle = {Simulating Society: The Computer Simulation of Social Phenomena},
  publisher = {UCL Press},
  year = {1994},
  editor = {N. Gilbert and J. Doran},
  chapter = 6,
  pages = {127--142},
  address = {London}
}
%%%%%%%%%%%%%%%%%%%%%%%%%%%%%%%%%%%%%%%%%%%%%
@InProceedings{EckWei95,
	author = {J.~E. Eck and D. Weisburd}, 
	title = {{Crime Places in Crime Theory}}, 
	booktitle = {Crime and Place, Crime Prevention Studies},
	vol = {4}, 
  year = {1995},
  pages = {1--33},
  editors = {J.~E. Eck and D. Weisburd} ,
	publisher = {The Police Executive Research Forum},
	location = {Washington, DC}
}

%%%%%%%%%%%%%%%%%%%%%%%%%%%%%%%%%%%%%%%%%%%%%%%%
@Article{EkbTil00,
	author = {P. Ekblom and N. Tilley},
	title = {{Going Equipped: Criminology, Situational Crime Prevention and the Resourceful Offender}}, 
	journal = {British Journal of Criminology}, 
  year = {2000},
  vol = {40},
  pages = {376--398},
  publisher = {}
}

%%%%%%%%%%%%%%%%%%%%%%%%%%%%%%%%%%%%%%%%%%%%%%%%%%%%%%%%%%
@article{ErvSte03,
 author = {S. Ervin and C. Steinitz},
 title = {{Landscape visibility computation: necessary, but not sufficient}},
 journal = {Environment and Planning B: Planning and Design},
 year = {2003},
 pages = {757--766},
 volume= {30},
 publisher = {Pion}
}
%%%%%%%%%%%%%%%%%%%%%%%%%%%%%%%%%%%%%%%%%%%
@book{EvaHer89,
	author = {D.~J. Evans and D.~T. Herbert},
	title = {{The Geography of Crime}},	
	month = {},
	year = {1989},
	pages = {360},
	keywords = {},
	note = {},
	url = {},
	publication_type = {book},
	submission_id = {},
	ISBN = {0-415-00453-5},
	publisher = {Routledge Company}
}
%%%%%%%%%%%%%%%%%%%%%%%%%%%%%%%%%%%%%%%%%

@TechReport{FaGeGl05a,
  number =       "SFU-CMPT-TR-2005-02",
  author =       "R. Farahbod and V. Gervasi and U. Gl{\"a}sser",
  title =        {{Design and Specification of the CoreASM Execution Engine}},
  month =        "February",
  year =         "2005",
  org =          "SFU-CMPT",
  institution =  "Simon Fraser University",
  abstract =     "In this report we introduce a new research effort in making abstract state machines executable. The aim is to specify and implement an execution engine for a language that is as close as possible to the mathematical definition of pure ASM. The paper presents the general architecture of the engine, together with a high-level description of the extensibility mechanisms that are used by the engine to accommodate arbitrary backgrounds, scheduling policies, and new rule forms."
}

%%%%%%%%%%%%%%%%%%%%%%%%%%%%%%%%%%%%%%%%%

@inproceedings{FaGeGl05b,
  author = 	"R. Farahbod and V. Gervasi and U. Gl{\"a}sser",
  title = "{CoreASM}: An Extensible {ASM} Execution Engine",
  booktitle = "Proc. of the 12th {Int'l Workshop on 
              Abstract State Machines}",
  year = {2005},
  location = {Paris}
}

%%%%%%%%%%%%%%%%%%%%%%%%%%%%%%%%%%%%%%%%%%%%%%%%%%        

@TechReport{FaGeGl05c,
  number =       "",
  author =       "R. Farahbod and V. Gervasi and U. Gl{\"a}sser",
  title =        {{Design and Specification of the CoreASM Execution Engine}},
  month =        "To be published in October",
  year =         "2005",
  org =          "SFU-CMPT",
  institution =  "Simon Fraser University",
  note = {Revised version of SFU-CMPT-TR-2005-02, February 2005}
}

%%%%%%%%%%%%%%%%%%%%%%%%%%%%%%%%%%%%%%%%%


@TechReport{FaGlVa03,
  author = 	 {R. Farahbod and U. Gl{\"a}sser and M.~Vajihollahi},
  title = 	 {{Specification and Validation of 
          the Business Process Execution Language for Web Services}},  
  institution =  {Simon Fraser University},
  year = 	 {2003},
  month = {September},
  type =	 {Technical Report},
  number =	 {SFU-CMPT-TR-2003-06},
  location = {Canada}
}	

%%%%%%%%%%%%%%%%%%%%%%%%%%%%%%%%%%%%%%%%%

@InProceedings{FaGlVa04a,
 author = {R. Farahbod and U. Gl{\"a}sser and M.~Vajihollahi},
 title = {{Specification and Validation of 
          the Business Process Execution Language for Web Services}},
 editor = {Wolf Zimmermann and Bernhard Thalheim},
 booktitle = {Abstract State Machines 2004. Advances In Theory And Practice: 11th International Workshop (ASM 2004)},
 year = {2004},
 month = {March},
 address = {Germany},
 publisher = {Springer-Verlag}
}

%%%%%%%%%%%%%%%%%%%%%%%%%%%%%%%%%%%%%%%%%%%%%%%%%%        

@TechReport{FaGlVa04b,
  author = 	 {R. Farahbod and U. Gl{\"a}sser and M.~Vajihollahi},
  title = 	 {{Abstract Operational Semantics of 
               the Business Process Execution Language for Web Services}},  
  number =       "SFU-CMPT-TR-2004-03",
  institution =  {Simon Fraser University},
  month =        "April",
  year = 	 "2004",
  type =	 {Technical Report},
  location = {Canada}
}	


%%%%%%%%%%%%%%%%%%%%%%%%%%%%%%%%%%%%%%%%%

@TechReport{FaGlVa05,
  author = 	 {R. Farahbod and U. Gl{\"a}sser and M.~Vajihollahi},
  title = 	 {{Abstract Operational Semantics of 
               the Business Process Execution Language for Web Services}},  
  number =       "SFU-CMPT-TR-2005-04",
  institution =  {Simon Fraser University},
  month =        "Feb.",
  year = 	 "2005",
  location = {Canada},
  note = {Revised version of SFU-CMPT-TR-2004-03, April 2004}
}	

%%%%%%%%%%%%%%%%%%%%%%%%%%%%%%%%%%%%%%%%%

@inproceedings{FaGlVa05b,
	author = {R. Farahbod and U. Gl{\"a}sser and M. Vajihollahi},
	title = {A Formal Semantics for the Business Process Execution Language for {Web Services}},
	booktitle = {Web Services and Model-Driven 
	Enterprise Information Systems},
	editor = {Savitri Bevinakoppa and others},
	publisher = {{INSTICC Press}},
	month = {May},
	year = {2005},
	address = {Portugal},
	pages = {144-155}
} 

%%%%%%%%%%%%%%%%%%%%%%%%%%%%%%%%%%%%%%%%%%%%%%%%%% 
@inproceedings{Fahaland05,
  author = 	"D. Fahland and W. Reisig",
  title = "ASM-based Semantics for BPEL: The Negative Control Flow",
  booktitle = "Proc. of the 12th {Int'l Workshop on 
              Abstract State Machines}",
  year = {2005},
  location = {Paris}
}

@inproceedings{Fahaland05,
  author = 	"D. Fahland and W. Reisig",
  title = "{ASM}-based Semantics for {BPEL}: The Negative Control Flow",
  booktitle = "Proc. of the 12th {Int'l Workshop on 
              Abstract State Machines}",
  year = {2005},
  location = {Paris}
}

%%%%%%%%%%%%%%%%%%%%%%%%%%%%%%%%%%%%%%%%%%%%%%%%%%        

@techreport{Fahland04,
	author = {Dirk Fahland},
	title = {{Ein Ansatz einer formalen Semantik der
Business Process Execution Language for Web Services
mit Abstract State Machines}},
  day = 30,
  month = {June},
  year = 2004,
  institution = {Humboldt-Universit\"{a}t zu Berlin}
}

%%%%%%%%%%%%%%%%%%%%%%%%%%%%%%%%%%%%%%%%%%%%%%%%%% 

@MastersThesis{Farahbod04, 
  author =       "Roozbeh Farahbod", 
  title =        "Extending and Refining an Abstract Operational Semantics of	the Web Services Architecture for the Business Process Execution Language", 
  school =       "Simon Fraser University", 
  year =         "2004", 
  month =        "July",
  address =      "Burnaby, Canada", 
}		  
%%%%%%%%%%%%%%%%%%%%%%%%%%%%%%%%%%%%%%%%

@Article{FelCoh80,
  author =   {M. Felson and L.~E. Cohen},
  title =    {{Human Ecology and Crime: A Routine Activity Approach}},
  journal =  {Human Ecology},
  vol = {8},
  pages = {389--406},
  year = {1980}
}

%%%%%%%%%%%%%%%%%%%%%%%%%%%%%%%%%%%%%%%%%%%%%%%%%% 
@TechReport{FeLoStSh03,
 author = {D. F. Ferguson and B. Lovering and T. Storey and J. Shewchuk},
 title = {{Secure, Reliable, Transacted Web Services: Architecture and Composition}},
 institution = {MSDN Library},
 year = {2003},
 month = {September},
}

%%%%%%%%%%%%%%%%%%%%%%%%%%%%%%%%%%%%%%%%%

@InProceedings{Felson86,
	author = {M. Felson},
	title = {{Linking Criminal Choices, Routine Activities, Informal Control and Criminal Outcomes}},	
	booktitle = {The reasoning Criminal: Rational Choice Perspectives on Offending, Research in criminology}, 
  editor = {D. Cornish and R.~V. Clarke},
  year = {1986},
  location = {New York},
  publisher = {Springer-Verlag},
  pages = {119--128}
}
%%%%%%%%%%%%%%%%%%%%%%%%%%%%%%%%%%%%%%%%%
@Article{Felson87,
  author =   {M. Felson},
  title =    {{Routine Activities and Crime Prevention in the Developing Metropolis}},
  journal =  {Criminology},
  vol = {25},
  pages = {911--931},
  year = {1987}
}

%%%%%%%%%%%%%%%%%%%%%%%%%%%%%%%%%%%%%%%%%%%
@Book{FenPfl97,
	author = {N.E. Fenton and S.L. Pfleeger},
	title ={{Software Metrics: Rigorous and Practical Approach}},
	publisher = {International Thomson Press},
	year= {1997}
}
%%%%%%%%%%%%%%%%%%%%%%%%%%%%%%%%%%%%%%%%%%%%%%%
@book{Ferber99,
	author = {J. Ferber},
	title ={{Multi-Agent Systems: An Introduction to Distributed Artificial Intelligence}},
	month = {February},
	year = {1999},
	pages = {528},
	keywords = {},
	note = {},
	url = {},
	publication_type = {book},
	submission_id = {},
	ISBN = {0201360489},
	publisher = {Addison Wesley}
}


%%%%%%%%%%%%%%%%%%%%%%%%%%%%%%%%%%%%%%%%%%%%%%%%%%%
@Article{FerGon98,
	author = {J.A. Fern�dez and J. Gonz�ez},
	title = {{Hierarchical Graph Search for Mobile Robot Path Planning}},
	journal = {IEEE International Conference on Robotics and Automation},
 	volume = {},
 	issue = {},
 	month = {May},
 	year = {1998},
 	pages = {},
 	location = {Belgium},
 	publisher = {IEEE}
}
%%%%%%%%%%%%%%%%%%%%%%%%%%%%%%%%%%%%%%%%%%%%%
@inproceedings{FerGut98,
 author = {J. Ferber and O. Gutknecht},
 title = {{A Meta-Model for the Analysis and Design of Organizations in Multi-Agent Systems}},
 booktitle = {Proceedings of the 3rd International Conference on Multi Agent Systems},
 year = {1998},
 isbn = {0-8186-8500-X},
 pages = {128},
 publisher = {IEEE Computer Society}
 }
%%%%%%%%%%%%%%%%%%%%%%%%%%%%%%%%%%%%%%%%%%%%%%%%%%%%%%%%%%%
@inproceedings{FetShe97,
  author    = {Andrew Fetterer and
               Shashi Shekhar},
  title     ={{A Performance Analysis of Hierarchical Shortest Path Algorithms}},
  booktitle = {ICTAI},
  year      = {1997},
  pages     = {84-93},
  note        = {http://computer.org/proceedings/ictai/8203/82030084abs.htm}
}

%%%%%%%%%%%%%%%%%%%%%%%%%%%%%%%%%%%%%%%%%%%%%%%%%%%%%
@inproceedings{FisWoo97,
 author = {M. Fisher and M. Wooldridge},
 title = {{Towards Formal Methods for Agent-Based Systems}},
 booktitle = {BCS-FACS Northern Formal Methods Workshop. Electronic Workshops in Computing},
 editor={D. Duke and A. Evans},
 year = {1997},
 isbn = {},
 pages = {},
 location = {},
 note = {},
 publisher = {Springer Verlag}
 }
%%%%%%%%%%%%%%%%%%%%%%%%%%%%%%%%%%%%
@inproceedings{Fisher97,
    author = {M. Fisher},
    title = {{If Z is the answer, what could the question possibly be?}},
    booktitle ={Proceedings of the {ECAI}'96 Workshop on Agent Theories, Architectures, and Languages: Intelligent Agents {III}},
    volume = {1193},
    month = {12--13},
    publisher = {Springer-Verlag: Heidelberg, Germany},
    editor = {J.~P. M{\"u}ller and M.~J. Wooldridge and N.~R. Jennings},
    isbn = {3-540-62507-0},
    pages = {65--66},
    year = {1997},
    URL = {citeseer.ist.psu.edu/luck97from.html} 
}

%%%%%%%%%%%%%%%%%%%%%%%%%%%%%%%%%%%%%%%%%%%%%%%%%% 
@InCollection{Forrester93,
	author = {J.~W. Forrester},
	title = {{System Dynamics and the Lessons of 35 Years}},
	booktitle = {Systems-Based Approach to Policymaking}, 
	editor = {K.~B. De Greene},
	publisher = {Kluwer Academic Publishers},
	location = {Norwell, MA},
	year = {1993},
	page = {34}
}

%%%%%%%%%%%%%%%%%%%%%%%%%%%%%%%%%%%%%%%%%%%%%%%%%% 
@inproceedings{FoUcMaKr04,
	author = {H. Foster and S. Uchitel and J. Magee and J. Kramer},
	title = {Compatibility Verification for Web Service Choreography},
	booktitle = {Proceedings of the  IEEE International Conference on Web Services
               (ICWS'04)},
  location =  {San Diego, California, USA},
  publisher = {IEEE Computer Society},
  year      = {2004},
  pages = {738--741}
}

%%%%%%%%%%%%%%%%%%%%%%%%%%%%%%%%%%%%%
@Article{Fowler03,
	author = {Martin Fowler},
	title = {{The New Methodology}},
	month = {April},
	year = {2003},
	url = {http://martinfowler.com/articles/newMethodology.html}
  
}
%%%%%%%%%%%%%%%%%%%%%%%%%%%%%%%%%%%%%
@inproceedings{FraGas96,
	author = {S. Franklin and A. Gasser},
	title = {{Is it an Agent, or just a Program?: A Taxonomy for Autonomous Agents}},
	booktitle = {Proceedings of the Third International Workshop on Agent
							 Theories, Architectures and Languages},
 	volume = {},
 	issue = {},
 	month = {},
 	year = {1996},
 	pages = {},
 	location = {},
 	publisher = {Springer-Verlag}
} 
%%%%%%%%%%%%%%%%%%%%%%%%%%%%%%%%%%%%%%%%%%%
@inproceedings{FreGus01,
 author = {M. Fredriksson and R. Gustavsson},
 title = {{A Methodological Perspective on Engineering of Agent Societies}},
 booktitle = {Proceedings of the Second International Workshop on Engineering Societies in the Agents World II},
 year = {2001},
 isbn = {3-540-43091-1},
 pages = {10--24},
 publisher = {Springer-Verlag}
 }

%%%%%%%%%%%%%%%%%%%%%%%%%%%%%%%%%%%
@Article{GalPal88,
	author = {G. Gallo and S. Pallottino},
	title = {{Shortest Paths Algorithms}},
	journal = {Annals of Operations Research},
 	volume = {13},
 	year = {1988},
 	pages = {3--79}
  
}
%%%%%%%%%%%%%%%%%%%%%%%%%%%%%%%%%%%%%%%%%%
@book{Gamma95,
  title = {Design Patterns: Elements of Reusable Object-Oriented Software},
  author = {Erich Gamma and others},
  publisher = {Addison-Wesley},
  year = {1995}
}

%%%%%%%%%%%%%%%%%%%%%%%%%%%%%%%%%%%%%%%%%%
@InProceedings{GaRiRi03,
	author = {Angelo Gargantini and Elvinia Riccobene and Salvatore Rinzivillo},
	title  = {Using {Spin} to Generate Tests from {ASM} Specifications},
	booktitle = {Abstract State Machines 2003},
	year = {2003},
	pages = {263-277},
	publisher = {Springer},
}

%%%%%%%%%%%%%%%%%%%%%%%%%%%%%%%%%%%%%%%%%%%%%%%%%%        
@Article{GilBan02,
	author = {N. Gilbert and S. Bankes},
	title = {Platforms and Methods for Agent-based Modeling},
	journal = {Proceedings of the National Academy of Science of the United States of America},
	year = {2002}, 
	volume = {99},
	issue = {supp.~3},
	pages = {7197---7198},
}

%%%%%%%%%%%%%%%%%%%%%%%%%%%%%%%%%%%%%%%%%%
@book{GilDor94,
	author = {N. Gilbert and J. Doran},
	title = {{Simulating Societies}},	
	month = {},
	year = {1995},
	pages = {306},
	keywords = {},
	note = {},
	url = {},
	publication_type = {book},
	submission_id = {},
	ISBN = {1-85728-082-2HB},
	publisher = {UCL Press}
}
%%%%%%%%%%%%%%%%%%%%%%%%%%%%%%%%%%%%%%%%
@book{GilTro99,
	author = {N. Gilbert and K.~G. Troitzsch},
	title = {{Simulation for the Social Scientist}},	
	month = {},
	year = {1999},
	pages = {273},
	keywords = {},
	note = {},
	url = {},
	publication_type = {book},
	submission_id = {},
	ISBN = {0335197442},
	publisher = {Open University Press}
}

%%%%%%%%%%%%%%%%%%%%%%%%%%%%%%%%%%%%%%%%%%%%%%%%%%%%%%%%%%%%%%%%%%%%%%%%%%%%%
@InProceedings{GlaVaj04,
 author = {U. Gl{\"a}sser and M.~Vajihollahi},
 title = {{Engineering Concurrent and Reactive Systems with Distributed Real-Time Abstract State Machines}},
 booktitle = {DIPES 2004: IFIP Working Conference on Distributed and Parallel Embedded Systems},
 year = {2004},
 location = {France},
 publisher = {Kluwer}
}

%%%%%%%%%%%%%%%%%%%%%%%%%%%%%%%%%%%%%%%%%%%%%%%%%% 
@Article{GlGoPr03,
 author = {U. Gl{\"a}sser and R. Gotzhein and A. Prinz},
 title = {The formal semantics of {SDL-2000}: status and perspectives},
 journal = {Comput. Networks},
 volume = {42},
 number = {3},
 year = {2003},
 pages = {343--358},
 publisher = {Elsevier North-Holland, Inc.}
}

%%%%%%%%%%%%%%%%%%%%%%%%%%%%%%%%%%%%%%%%%%%%%%%%%%        
@Article{GlGuVe04,
  author =   {U.~Gl{\"{a}}sser and Y.~Gurevich and M.~Veanes},
  title =    {Abstract Communication Model for Distributed Systems},
  journal =  {IEEE Trans. on Soft. Eng.},
  year = {2004},
  month = {July},
  pages = {458-472},
  volume = {30},
  number = {7}
}

%%%%%%%%%%%%%%%%%%%%%%%%%%%%%%%%%%%%%%%%%%%%%%%%%%        
@Article{GlaGu05,
  author =   {U.~Gl{\"{a}}sser and Q.-P.~Gu},
  title =    {Formal Description and Analysis of a Distributed 
              Location Service for Mobile Ad Hoc Networks},
  journal =  {Theoretical Computer Science},
  publisher= {Elsevier},
  year = {2005},
  month = {May},
  pages = {285-309},
  volume = {336},
}

%%%%%%%%%%%%%%%%%%%%%%%%%%%%%%%%%%%%%%%%%%%%%%%%
@inproceedings{GolRos91,
  author ={A.~R. Golding and P.~S. Rosenbloom},
  title = {{Improving Rule-Based Systems Through Case-Based Reasoning}},
  booktitle = {National Conference on Artificial Intelligence},
  pages = {22--27},
  year = {1991},
  URL = {citeseer.ist.psu.edu/golding91improving.html}
  }

%%%%%%%%%%%%%%%%%%%%%%%%%%%%%%%%%%%%%%%%%%%%%%%%
@article{GunBro00,
 author = {L. Gunderson and D. Brown},
 title ={{Using a Multi-Agent Model to Predict Both Physical and Cyber Criminal Activity}},
 journal = {IEEE International Conference on Systems, Man, and Cybernetics},
 volume = {4},
 number = {},
 year = {2000},
 issn = {},
 pages = {2338-2343},
 location={Nashville, TN, USA},
 doi = {},
 publisher = {IEEE}
}

%%%%%%%%%%%%%%%%%%%%%%%%%%%%%%%%%%%%%%%%%%%%%%%%%%        
@book{HamMay01,
	author = {D. Hamlet and J. Maybee},
	title =  {The Engineering of Software}, 
	publisher = {Addison Wesley},
	year = {2001}
}
%%%%%%%%%%%%%%%%%%%%%%%%%%%%%%%%%%%%%%%%%%%%
@article{HiKoGrPi01,
  author = {V. Hilaire and A. Koukam and P. Gruer and J.~P. M{\"u}ller},
  title ={{Formal Specification and Prototyping of Multi-agent Systems}},
  journal = {Lecture Notes in Computer Science},
  volume = {1972},
  pages = {},
  year = {2001},
}  
%%%%%%%%%%%%%%%%%%%%%%%%%%%%%%%%%%%%%%%%%%%%%%%%
@techreport{HoPeZiMa95,
	author = {R.C. Holte and M.B. Perez and R.M. Zimmer and A.J. MacDonald},
  title = {{Hierarchical A*: Searching Abstraction Hierarchies Efficiently}},
  Institution = {University of Ottawa Computer Science},
  year = {1995}
}

%%%%%%%%%%%%%%%%%%%%%%%%%%%%%%%%%%%%%%%%%%%%%%%%%

@Article{HoPeZiMa96,
	author = {R.C. Holte and M.B. Perez and R.M. Zimmer and A.J. MacDonald},
	title = {{Hierarchical A*: Searching Abstraction Hierarchies Efficiently}},
	journal = {AAAI/IAAI},
 	volume = {1},
 	number = {2},
 	year = {1996},
 	pages = {530--535}
}
%%%%%%%%%%%%%%%%%%%%%%%%%%%%%%%%%%%%%%%%%%%%%%%
@InProceedings{HooOsk99,
	author = {P. Hooimeijer and A. Oskamp},
	title = {{Advances in the Microsimulation of Demographic Behaviour}}, 
	booktitle = {Population Issues: An Interdisciplinary Focus, The Plenum Series on Demographic Methods and Population Analysis}, 
  year = {1999},
  pages = {229--263},
  editors = {L.~J.~G.~v. Wissen and P.~A. Dykstra},
	publisher = {Plenum Press},
	location = {New York}
}

%%%%%%%%%%%%%%%%%%%%%%%%%%%%%%%%%%%%%%%%%%%%%%%
@TechReport{Huckle04,
	author = {Thomas Huckle},
	title  = {Collection of Software Bugs},
	institution = {Technical University Munich},
	year = {2004},
	note = {Last visited Sep. 2005, \url{http://www5.in.tum.de/~huckle/bugse.html}},
}

%%%%%%%%%%%%%%%%%%%%%%%%%%%%%%%%%%%%%%%%%
@TechReport{Huggins95,
	author = {J.~Huggins},
	title  = {An Offline Partial Evaluator for Evolving Algebras},
	type   = {Technical Report},
	number = {CSE-TR-229-95},
	institution = {University of Michigan}, 
	year   = {1995},
	location = {Ann Arbor}
}

%%%%%%%%%%%%%%%%%%%%%%%%%%%%%%%%%%%%%%%%%
@misc{Husdal00,
	author = {Jan Husdal},
	title = {{Fastest Path Problems in Dynamic Transportation Networks}},
	year = {2000}, 
	URL = {http://www.husdal.com/mscgis/research.htm}
}

%%%%%%%%%%%%%%%%%%%%%%%%%%%%%%%%%%%%%%%%%
@Article{KolLea96,
	author = {J. Kolodner and D. Leake},
	title = {{A Tutorial Introduction to Case-Based Reasoning.}},	
	booktitle = {Case-Based Reasoning: Experiences, Lessons, and Future Directions}, 
  editor = {D. Leake},
  year = {1996},
  location = {Cambridge, MA, USA},
  publisher = {AAAI Press},
  pages = {31--65}
}
%%%%%%%%%%%%%%%%%%%%%%%%%%%%%%%%%%%%%%%%%%%%5
@Article{IncPar02,
	author = {M.~E. Inchiosa and M.~T. Parker},
	title = {Overcoming Design and Development Challenges in Agent-based Modeling using ASCAPE},
	journal = {Proceedings of the National Academy of Science of the United States of America},
	year = {2002}, 
	volume = {99},
	issue = {supp.~3},
	pages = {7304---7308},
}

%%%%%%%%%%%%%%%%%%%%%%%%%%%%%%%%%%%%%%%%%%
@inproceedings{InFiLoLuRiRyWo96,
  author = {M.~d'Inverno and M.~Fisher and A.~Lomuscio and M.~Luck and M.~de Rijke
    				and M.~Ryan and M.~Wooldridge},
  title ={{Formalisms For Multi-Agent Systems}},
  booktitle = {First UK Workshop on Foundations of Multi-Agent Systems},
  text = {Mark d'Inverno, Michael Fisher, Alessio Lomuscio, Michael Luck, Maarten
    			de Rijke, Mark Ryan, and Michael Wooldridge. Formalisms for Multi-Agent
    			Systems. In First UK Workshop on Foundations of Multi-Agent Systems, 1996.},
  year = {1996},
  URL = {citeseer.ist.psu.edu/71076.html}
}
%%%%%%%%%%%%%%%%%%%%%%%%%%%%%%%%%%%%%%%%%
@InProceedings{InvLuc00,
  author	={M. d'Inverno and M. Luck},
  editor    = {J.~L. Rash and
               C. Rouff and
               W. Truszkowski and
               D. F. Gordon and
               M.~G. Hinchey},
  title=			{{Formal Agent Development: Framework to System}},
  booktitle = {Formal Approaches to Agent-Based Systems, First International
               Workshop, FAABS 2000 Greenbelt, MD, USA, April 5-7, 2000, Revised
               Papers},
  publisher = {Springer},
  series    = {Lecture Notes in Computer Science},
  volume    = {1871},
  year      = {2001},
  isbn      = {3-540-42716-3},
  URL = {http://dblp.uni-trier.de}
}
%%%%%%%%%%%%%%%%%%%%%%%%%%%%%%%%%%%%%%%
@book{InvLuck04,
	author = {M. d'Inverno and M. Luck},
	title = {{Understanding Agent Systems}},
	month = {},
	year = {2004},
	pages = {240},
	keywords = {},
	note = {},
	URL=
	{http://www.springeronline.com/sgw/cda/frontpage/0,10735,5-40109-22-13886492-0,00.html},
	publication_type = {book},
	submission_id = {},
	ISBN = {3-540-40700-6},
	publisher = {Springer}
}

%%%%%%%%%%%%%%%%%%%%%%%%%%%%%%%%%%%%%%%%%%%%%%%%
@inproceedings{JiHuRu96,
 author = {N.~J. and Y.~W. Huang and E.~A. Rundensteiner},
 title = {{Hierarchical Optimization of Optimal Path Finding For Transportation Applications}},
 booktitle = {Proceedings of the Fifth International Conference on Information and Knowledge Management},
 year = {1996},
 isbn = {0-89791-873-8},
 pages = {261--268},
 location = {Rockville, Maryland, United States},
 doi = {http://doi.acm.org/10.1145/238355.238550},
 publisher = {ACM Press}
}

%%%%%%%%%%%%%%%%%%%%%%%%%%%%%%%%%%%%%%%%%%%%%%%%%%%%%
@article{JiHuRu98,
 author = {N.~J. and Y.~W. Huang and E.~A. Rundensteiner},
 title = {{Hierarchical Encoded Path Views for Path Query Processing: An Optimal Model and Its Performance Evaluation}},
 journal = {IEEE Transactions on Knowledge and Data Engineering},
 volume = {10},
 number = {3},
 year = {1998},
 issn = {1041-4347},
 pages = {409--432},
 doi = {http://dx.doi.org.proxy.lib.sfu.ca/10.1109/69.687976},
 publisher = {IEEE Educational Activities Department}
 }
%%%%%%%%%%%%%%%%%%%%%%%%%%%%%%%%%%%%%%%%%%%%%%%%%%        
@Article{Johnson96,
  author =       {C. W. Johnson},
  title =        {Literate specifications},
  journal =      {Software Engineering Journal},
  volume =       {11},
  number =       {4},
  pages =        {225--237},
  month =        {July},
  year =         {1996},
}
%%%%%%%%%%%%%%%%%%%%%%%%%%%%%%%%%%%%%%%%%%%%%%%
@book{Koffka67,
	author = {K. Koffka},
	title = {{Principles of Gestalt Psychology}},	
	month = {},
	year = {1967},
	pages = {},
	keywords = {},
	note = {},
	url = {},
	publication_type = {book},
	submission_id = {},
	ISBN = {0156744600},
	publisher = {Harcourt}
}
%%%%%%%%%%%%%%%%%%%%%%%%%%%%%%%%%%%%%%%%%%%%%%%%
@article{KoLiFu04,
 author = {S. Koenig and M. Likhachev and D. Furcy},
 title = {{Lifelong Planning A*}},
 journal = {Artificial Intelligence},
 volume = {155},
 number = {1-2},
 year = {2004},
 issn = {0004-3702},
 pages = {93--146},
 doi = {http://dx.doi.org.proxy.lib.sfu.ca/10.1016/j.artint.2003.12.001},
 publisher = {Elsevier Science Publishers Ltd.}
}
%%%%%%%%%%%%%%%%%%%%%%%%%%%%%%%%%%%%%%%%%%%%%%%%%%%%%%%%%%
@book{Kolodner93,
 author = {J. Kolodner},
 title = {{Case-Based Reasoning}},
 year = {1993},
 isbn = {1-55860-237-2},
 publisher = {Morgan Kaufmann Publishers Inc.}
 }

%%%%%%%%%%%%%%%%%%%%%%%%%%%%%%%%%%%%%%%%%%%%%%%%%%        
@TechReport{KoshBreu03,
  author = 	 {M. Koshkina and F. van Breugel},
  title = 	 {{Verification of Business Processes for Web Services}},  
  institution =  {York University},
  year = 	 {2003},
  type =	 {Technical Report},
  number =	 {CS-2003-11},
  month =	 {October},
}	

%%%%%%%%%%%%%%%%%%%%%%%%%%%%%%%%%%%%%%%%%%%%%%%%%%
@book{Leake96,
 author = {David B. Leake},
 title = {{Case-Based Reasoning: Experiences, Lessons and Future Directions}},
 year = {1996},
 isbn = {026262110X},
 publisher = {MIT Press},
 location = {Cambridge, MA, USA}
}

%%%%%%%%%%%%%%%%%%%%%%%%%%%%%%%%%%%%%%%%%%%%%%%%%%%
@inproceedings{Liu96,
    author = {B. Liu},
    title ={{Intelligent Route Finding: Combining Knowledge and Cases and an Efficient Search Algorithm}},
    booktitle = {European Conference on Artificial Intelligence},
    pages = {380--384},
    year = {1996},
    URL = {citeseer.ist.psu.edu/article/liu96intelligent.html}
}

%%%%%%%%%%%%%%%%%%%%%%%%%%%%%%%%%%%%%%%%%%%%%%%%%%
@inproceedings{LiuTay95,
	author = {B. Liu and J. Tay},
	title = {Using knowledge about the road network for route finding},
	booktitle = {In IEEE Transactions on Systems, Man and Cybernetics},
 	volume = {27},
 	issue = {},
 	month = {July},
 	year = {1997},
 	pages = {},
 	location = {},
 	publisher = {IEEE}
}  

%%%%%%%%%%%%%%%%%%%%%%%%%%%%%%%%%%%%%%%%%%%%%%
@InProceedings{LucInv95,
  author = {M. Luck and M. d'Inverno},
  title = {{A Formal Framework for Agency and Autonomy}},
  booktitle = {Proceedings of the First International Conference on Multi-Agent Systems ({ICMAS}-95)},
  publisher = {AAAI Press},
  address = {San Francisco, CA, USA},
  editor = {V. Lesser and L. Gasser},
  pages = {254--260},
  year = {1995},
}

%%%%%%%%%%%%%%%%%%%%%%%%%%%%%%%%%%%
@book{MaBaZh95,
 author = { Mary Lou Maher, M. Balachandran and Dong Mei Zhang },
 title = {{Case-Based Reasoning in Design}},
 year = {1995},
 isbn = {0805818324},
 publisher = {Lawrence Erlbaum Associates}
}

%%%%%%%%%%%%%%%%%%%%%%%%%%%%%%%%%%%%%%%%%%%%%%%%%
@article{MaSqRiMuAh02,
 author = {Cynthia Marling and Mohammed Sqalli and Edwina Rissland and Hector Munoz-Avila and David Aha},
 title = {{Case-based reasoning integrations}},
 journal = {AI Mag.},
 volume = {23},
 number = {1},
 year = {2002},
 issn = {0738-4602},
 pages = {69--86},
 publisher = {American Association for Artificial Intelligence},
 address = {Menlo Park, CA, USA}
 }

%%%%%%%%%%%%%%%%%%%%%%%%%%%%%%%%%%%%%%%%%%%%%%%%%%
@Article{McAtJa91,
	author = {W. McAllister and J. Atchison and N. Jacobs}, 
	title = {{A Simulation Model of Pre-trial Felony Case Processing: A Queuing System Analysis}},
	journal = { Journal of Quantitative Criminology},
  year = {1991},
  vol = {7},
  pages = {291--314},
  publisher = {}
}
%%%%%%%%%%%%%%%%%%%%%%%%%%%%%%%%%%%%%%%%%%%%%%%%%%        
@Article{Martens03a,
	author = {A.~Martens},
	title = {On Usability of Web Services},
	journal = {1st Web Services Quality Workshop (WQW 2003)},
	year = {2003},
	location = {Rome, Italy}
}
%%%%%%%%%%%%%%%%%%%%%%%%%%%%%%%%%%%%%%%%%%%%%%%%%%
@PhdThesis{Martens03b, 
  author =       "A. Martens", 
  title =        "{Verteilte Gesch�tsprozesse - Modellierung und Verifikation mit Hilfe von Web Services}", 
  school =       "Humboldt University of Berlin", 
  year =         "2003", 
  address =      "Germany", 
}

%%%%%%%%%%%%%%%%%%%%%%%%%%%%%%%%%%%%%%%%%%%%%%%%%%        
@Article{Martens04,
	author = {A.~Martens},
	title = {Analysis and re-engineering of Web Services},
	journal = {To appear in 6th International Conference on Enterprise Information Systems (ICEIS'04)},
	year = {2004}, 
	location = {Porto, Portugal}
}
%%%%%%%%%%%%%%%%%%%%%%%%%%%%%%%%%%%%
@Inproceedings{MaStKrLu02,
  editor    = {V. Mar\'{\i}k and
               O. Step{\'a}nkov{\'a} and
               H. Krautwurmova and
               M. Luck},
  title     = {{Multi-Agent-Systems and Applications II, 9th ECCAI-ACAI/EASSS
               2001, AEMAS 2001, HoloMAS 2001, Selected Revised Papers}},
  booktitle = {Multi-Agent-Systems and Applications},
  publisher = {Springer},
  series    = {Lecture Notes in Computer Science},
  volume    = {2322},
  year      = {2002},
  isbn      = {3-540-43377-5},
  URL = {http://dblp.uni-trier.de}
}

%%%%%%%%%%%%%%%%%%%%%%%%%%%%%%%%%%%%
@Inproceedings{MuRuRo03,
  author       = {W.~M{\"u}ller and J.~Ruf and W.~Rosenstiel},
  booktitle    = {{SystemC} - Methodologies and Applications},
  editor       = {W.~M{\"u}ller and J.~Ruf and W.~Rosenstiel},
  month        = {June},
  publisher    = {Kluwer Academic Publishers},
  title        = {An {ASM} Based {SystemC} Simulation Semantics.},
  year         = {2003},
}

%%%%%%%%%%%%%%%%%%%%%%%%%%%%%%%%%%%%%%%%%%%%%%%%%%
@InProceedings{Nakajima02,
	author = {S. Nakajima},
	title = {Model-Checking Verification for Reliable Web Service},
	booktitle = {OOPSLA 2002: Workshop on Object-Oriented Web Services}, 
	year = {2002},
	location = {Seattle, Washington},
}	

%%%%%%%%%%%%%%%%%%%%%%%%%%%%%%%%%%%%%%%%%%%%%%%%%%
@InProceedings{NaraMcIl02,
 author = {Srini Narayanan and Sheila A. McIlraith},
 title = {Simulation, verification and automated composition of web services},
 booktitle = {Proceedings of the eleventh international conference on World Wide Web},
 year = {2002},
 pages = {77--88},
 location = {Honolulu, Hawaii, USA},
 publisher = {ACM Press}
 }

%%%%%%%%%%%%%%%%%%%%%%%%%%%%%%%%%%%%%%%%%%%%%%%%%%%%
@Article{NooZha96,
	author = {C. E. Noon and F. B. Zhan},
	title = {{Shortest Path Algorithms: An Evaluation Using Real Road Networks}},
	journal = {Transportation Science },
 	volume = {},
 	number = {},
 	month = {},
 	year = {1996},
 	pages = {},
  URL = {}
}

%%%%%%%%%%%%%%%%%%%%%%%%%%%%%%%%%%%%%%%%%%%%%%%%%%        
@manual{OASIS-BPEL-Issues,
  title = {WS BPEL issues list},
  organization = {Organization for the Advancement of 
                  Structured Information Standards (OASIS)},
  note = {\url{http://www.oasis-open.org}},
  month = {April},
  year = 2004
}
%%%%%%%%%%%%%%%%%%%%%%%%%%%%%%%%%%%%%%%%%%%%%%%%%%
@misc{Patel03,
	author = {A.~J. Patel},
	title = {{Amit's Thoughts on Path Finding and A-Star}},
	year = {2003},
 	note = {http://theory.stanford.edu/\~{}amitp/GameProgramming/}
}

%%%%%%%%%%%%%%%%%%%%%%%%%%%%%%%%%%%%%%%%%%%%%%%%%%        

@article{Peltz03,
  author = {Chris Peltz},
  title = {Web Services Orchestration and Choreography},
  journal = {Web Services Journal},
  volume = 3,
  issue = 7,
  month = {july},
  year = 2003,
}
%%%%%%%%%%%%%%%%%%%%%%%%%%%%%%%%%%%%%%%%%%%%%%%%%%        
@Article{Peltz04,
	author = {C. Peltz},
	title = {Web Services Orchestration and Choreography},
	journal = {Web Services Journal},
	year = {2004}, 
	note = {\url{http://www.sys-con.com/webservices/}}
}

%%%%%%%%%%%%%%%%%%%%%%%%%%%%%%%%%%%%%%%%%%%%%%%
@Inproceedings{PreHat03,
  author = {J. Prentzas and I. Hatzilygeroudis},
  title = {{Integrations of Rule-Based and Case-Based Reasoning}},
  booktitle  = {The International Conference on Computer, Communication and Control Technologies (CCCT-03)},
  year = {2003},
  pages = {81--85},
  volume = {IV},
  location = {Florida, USA},
} 

%%%%%%%%%%%%%%%%%%%%%%%%%%%%%%%%%%%%%%%%%%%%%%%%%%
@book{RieSch89,
 author = {Christopher K. Riesbeck and Roger C. Schank},
 title = {{Inside Case-Based Reasoning}},
 year = {1989},
 isbn = {0898597676},
 publisher = {Lawrence Erlbaum Associates, Inc.},
 address = {Mahwah, NJ, USA}
 }

%%%%%%%%%%%%%%%%%%%%%%%%%%%%%%%%%%%%%%%%%%%%%
@InProceedings{Rengert92,
	author = {G.~F. Rengert},
	title = {{The Journey to Crime: Conceptual Foundations and Policy Implications}}, 
	booktitle = {Crime, Policing and Place: Essays in Environmental Criminology}, 
  year = {1992},
  pages = {109-117},
  editors = {D.~J. Evans and N.~R. Fyfe and D.~T. Herbert},
  location = {London \& New York},
	publisher = {Routlede}
}

%%%%%%%%%%%%%%%%%%%%%%%%%%%%%%%%%%%%%%%%%%%%%
@InProceedings{Rengert91,
	author = {G.~F. Rengert},
	title = {{Burglary in Philadelphia: A Critique of an  Opportunity Structure Model}}, 
	booktitle = {Environmental Criminology}, 
  year = {1991},
  pages = {189-201},
  editors = {P.~J. Brantingham and P.~L. Brantingham},
	publisher = {Waveland Press Inc.},
	location = {Prospect Heights, Illinois}
}

%%%%%%%%%%%%%%%%%%%%%%%%%%%%%%%%%%%%%%%%%%%%%%%%%%        

@techreport{Riordan02,
	author = {David O'Riordan},
	title = {{Business Process Standards for Web Services}},
	institution = {Tect},
	note = {Last visited Feb. 2005, \url{http://www.webservicesarchitect.com/content/articles/oriordan01.asp}},
	month= {April},
	year = 2002
}


%%%%%%%%%%%%%%%%%%%%%%%%%%%%%%%%%%%%%%%%%%%%%%%%%%%
@Book{Rossmo00,
 author = {D.~K. Rossmo},
 title = {Geographic Profiling},
 year = {2000},
 location = {Boca Raton, Fla},
 publisher = {CRC Press},
}

%%%%%%%%%%%%%%%%%%%%%%%%%%%%%%%%%%%%%%%%%%%%%%%%%%        
@techreport{RosPar01,
	author = {Mike Rosen and John Parodi},
  title = {{Architecting Web Services}},
  Institution = {IONA Technologies PLC},
  month = {December},
  year = 2001
}

%%%%%%%%%%%%%%%%%%%%%%%%%%%%%%%%%%%%%%%%%
@inproceedings{RuHoGeKrRoMu01,
 author = {J. Ruf and D. Hoffmann and J. Gerlach and T. Kropf and W. Rosenstiehl and W. Mueller},
 title = {The simulation semantics of systemC},
 booktitle = {Proceedings of the conference on Design, automation and test in Europe},
 year = {2001},
 isbn = {0-7695-0993-2},
 pages = {64--70},
 location = {Munich, Germany},
 publisher = {IEEE Press},
}
%%%%%%%%%%%%%%%%%%%%%%%%%%%%%%%%%%%%%%%
@InCollection{Seror94,
	author = {A. Seror},
	title = {{Simulation of Complex Organizational Processes:a review of methods and their epistemological foundations}},
	booktitle = {Simulating Societies}, 
	editor = {N. Gilbert and J. Doran},
	publisher = {UCL Press},
	location = {},
	year = {1994},
	page = {19--40}
}


%%%%%%%%%%%%%%%%%%%%%%%%%%%%%%%%%%%%%%%%%%%%%%%5
@inproceedings{SchSta04,
	author = {K. Schmidt and Ch. Stahl},
	title = {A Petri Net Semantic for {BPEL4WS} - Validation and Application},
	booktitle = {Proceedings of 11th Workshop on Algorithms and Tools for Petri Nets},
	editor = {E. Kindler}, 
	year = {2004},
	location = {Germany}
}
%%%%%%%%%%%%%%%%%%%%%%%%%%%%%%%%%%%%%%%%%
@book{ShaMck42,
	author = {C.~R. Shaw and H.~D. McKay},
	title = {{Juvenile Delinquency and Urban Areas: A Study of Rates of Delinquency in Relation to Differential Characteristics of Local Communities in American Cities}},	
	month = {},
	year = {1969 (1942)},
	pages = {},
	keywords = {},
	note = {},
	url = {},
	publication_type = {book},
	submission_id = {},
	ISBN = {},
	publisher = {University of Chicago Press}
}

%%%%%%%%%%%%%%%%%%%%%%%%%%%%%%%%%%%%%%%%%%%%%%%%%%
@Book{Shapiro92,
	author = {S.~C. Shapiro},
	title = {{Encyclopedia of Artificial Intelligence}},
	publisher = {John Wiley \& Sons},
	year = {1992}
}
%%%%%%%%%%%%%%%%%%%%%%%%%%%%%%%%%%%%%%%%

@InProceedings{SheStu01,
 author = {O. Shehory and A. Sturm},
 title = {{Evaluation of Modeling Techniques for Agent-Based Systems}},
 booktitle = {Proceedings of the Fifth International Conference on Autonomous agents},
 year = {2001},
 isbn = {1-58113-326-X},
 pages = {624--631},
 location = {Montreal, Quebec, Canada},
 URL = {http://doi.acm.org/10.1145/375735.376473},
 publisher = {ACM Press}
 }



%%%%%%%%%%%%%%%%%%%%%%%%%%%%%%%%%%%%%%
@misc{Sloman98,
  author = {A. Sloman},
  title = {{What Sort of Architecture is Required for a Human-Like Agent}},
  text = {A. Sloman. What sort of architecture is required for a human-like agent?
    In Michael Wooldridge and Anand Rao, editors, Foundations of Rational Agency.
    Kluwer Academic, 1998(forthcoming)},
  year = {1998},
  URL = {citeseer.ist.psu.edu/sloman98what.html}
}
%%%%%%%%%%%%%%%%%%%%%%%%%%%%%%%%%%%%%%%%%
 
@manual{SOAP-12,
  title = {{SOAP Version 1.2 Part 0: Primer}},
  organization = {W3C},
  note = {Last visited April 2004, \url{http://www.w3.org/TR/2003/REC-soap12-part0-20030624/}},
  month = {June},
  year = {2003}
}
%%%%%%%%%%%%%%%%%%%%%%%%%%%%%%%%%%%%%%%%%%%%%%%
@incollection{Sonnenfeld72,
  author = {J. Sonnenfeld},
  title = {{Geography, Perception and the Behavioral Environment}},
  booktitle = {Man, Space and the Environment},
  publisher = {Oxford University Press},
  year = {1972},
  editor = {P. W. English and R. C. Mayfield},
  pages = {244--251},
  address = {New York}
}

%%%%%%%%%%%%%%%%%%%%%%%%%%%%%%%%%
@article{SrbSku03,
  author = {A. Srbljinovic and O. Skunca},
  title = {{Agent Based Modelling and Simulation of Social Processes}},
  journal = {Interdisciplinary Description of Complex Systems},
  volume = {1},
  pages = {1--8},
  year = {2003},
  URL = {http://indecs.znanost.org/2003/indecs2003-pp1-8.html}
} 
%%%%%%%%%%%%%%%%%%%%%%%%%%%%%%%%%%%%%%%%%%%%%%%%%%%
@mastersthesis{Stahl04,
	author = {Christian Stahl},
	title = {{Transformation von BPEL4WS in Petrinetze}},
	school = {Humboldt-Universit\"{a}t zu Berlin},
	month = {April},
	year = {2004},
	address = {Germany}
}
%%%%%%%%%%%%%%%%%%%%%%%%%%%%%%%%%%%%%%%%%%%%%%%%%%%
@Inproceedings{Starr80,
 author = {P.~J. Starr},
 title = {{Modeling Issues and Decisions in System Dynamics}},
 booktitle = {System Dynamics},
 editor = {A.~A. Legasto, JR and J.~W. Forrester and J.~M. Lyneis},
 year = {1980},
 publisher = {North Holland}
}

%%%%%%%%%%%%%%%%%%%%%%%%%%%%%%%%%%%%%%%%%%%%%%%%%%
@inproceedings{Stentz95,
	author = {A. Stentz},
	title = {{The Focussed D* Algorithm for Real-Time Replanning}},
	journal = {Artificial Intelligence},
 	volume = {},
 	month = {August},
 	year = {1995},
 	pages = {1652--1659},
  location = {Canada}
}
%%%%%%%%%%%%%%%%%%%%%%%%%%%%%%%%%%%%%%%%%%%%%%%%%%@
@inproceedings{Stentz94,
	author = {A. Stentz},
	title = {{Optimal and Efficient Path Planning for Partially-Known Environments}},
	booktitle = {Proceedings of the IEEE International Conference on Robotics and Automation (ICRA '94)},
 	volume = {4},
 	issue = {},
 	month = {May},
 	year = {1994},
 	pages = {3310--3317},
 	location = {Belgium},
 	publisher = {IEEE}
}  

%%%%%%%%%%%%%%%%%%%%%%%%%%%%%%%%%%%%%%%%%%%%%%%
@Article{SunPra02,
	author = {J. Sungwon and S. Pramanik},
	title = {{An Efficient Path Computation Model For Hierarchically Structured Topographical Road Maps}},
	journal = {IEEE Transactions on Knowledge and Data Engineering },
 	volume = {14},
 	issue = {5},
 	month = {Sep/Oct},
 	year = {2002},
 	pages = {1029--1046},
 	publisher = {IEEE}
}
%%%%%%%%%%%%%%%%%%%%%%%%%%%%%%%%%%%%
@article{Sycara98,
 author = {K.~P. Sycara},
 title = {{Multiagent Systems}},
 journal = {AI Magazine},
 volume = {},
 number = {},
 year = {1998},
 issn = {},
 pages = {79-92},
 doi = {},
 publisher = {AAAI}
}
%%%%%%%%%%%%%%%%%%%%%%%%%%%%%%%%%%%%%%%%%%%%%%%%%%%%%%%%%%%%%
@book{Turner93,
 author = {Kenneth J. Turner},
 title = {Using Formal Description Techniques: An Introduction to Estelle, Lotos, and SDL},
 year = {1993},
 isbn = {0471934550},
 publisher = {John Wiley \& Sons, Inc.},
 address = {New York, NY, USA}
 }
%%%%%%%%%%%%%%%%%%%%%%%%%%%%%%%%%%%%%%%%%%%%%%%%%%%%%%%%%%%%%
@article{TaOuToKa04,
 author = {S. Tamminen and A. Oulasvirta and K. Toiskallio and A. Kankainen},
 title = {{Understanding Mobile Contexts}},
 journal = {Pers Ubiquit Comput},
 year = {2004},
 pages = {135--143},
 volume= {8},
 publisher = {Springer-Verlag},
}

%%%%%%%%%%%%%%%%%%%%%%%%%%%%%%%%%%%%%%%%%%%%%%%%%%
@MastersThesis{Vajihollahi04, 
  author =       "M. Vajihollahi", 
  title =        "High Level Specification and Validation of 
                  the Business Process Execution Language for Web Services", 
  school =       "Simon Fraser University", 
  year =         "2004", 
  month =        "April",
  address =      "Burnaby, Canada", 
}		  
%%%%%%%%%%%%%%%%%%%%%%%%%%%%%%%%%%%%%%%%%%%%%%%%%%        
@Article{ViBuSt04,
	author = {J.M. Vidal and P. Buhler and C. Stahl},
	title = {Multiagent systems with workflows},
	journal =  {{IEEE Internet Computing}},
  volume =	 {8},
  number =	 {1},
  pages =	 {76-82},
  month =	 {January/February},
  year = {2004}
}

%%%%%%%%%%%%%%%%%%%%%%%%%%%%%%%%%%%%%%%%%%
@inproceedings{Wagner97,
    author = {G. Wagner},
    title = {{Practical Theory and Theory-Based Practice}},
    booktitle ={ Proceedings of the {ECAI}'96 Workshop on Agent Theories, Architectures, and Languages: Intelligent Agents {III}},
    volume = {1193},
    month = {12--13},
    publisher = {Springer-Verlag: Heidelberg, Germany},
    editor = {J.~P. M{\"u}ller and M.~J. Wooldridge and N.~R. Jennings},
    isbn = {3-540-62507-0},
    pages = {67--69},
    year = {1997},
    URL= {citeseer.ist.psu.edu/luck97from.html}
}
%%%%%%%%%%%%%%%%%%%%%%%%%%%%%%%%%%%%%%%%%%%%%%%%%%        
@Article{WilCos00,
	author = {P. Wiles and A. Costello},
	title = {The `Road to Nowhere': The Evidence for Travelling Criminals},
	journal =  {{London: Policing and Reducing Crime Unit, Home Office Research, Development and Statistics Directorate. }},
  number =	 {Home Office Research Study No.  207},
  year = {2000}
}

%%%%%%%%%%%%%%%%%%%%%%%%%%%%%%%%%%%%%%%%%%%%
@inproceedings{WoJeKi99,
 author = {M. Wooldridge and N.~R. Jennings and D. Kinny},
 title = {{A Methodology for Agent-Oriented Analysis and Design}},
 booktitle = {Proceedings of the Third Annual Conference on Autonomous Agents},
 year = {1999},
 isbn = {1-58113-066-X},
 pages = {69--76},
 location = {Seattle, Washington, United States},
 doi = {http://doi.acm.org.proxy.lib.sfu.ca/10.1145/301136.301165},
 publisher = {ACM Press}
 }
%%%%%%%%%%%%%%%%%%%%%%%%%%%%%%%%%%%%%%%%%

@book{WooDav96,
  author = {Jim Woodcock and Jim Davies}, 
  title = {{Using Z: Specification, refinement, and proof}}, 
  publisher = {Prentice Hall Europe}, 
  year = {1996}
}

%%%%%%%%%%%%%%%%%%%%%%%%%%%%%%%%%%%
@book{Wooldridge02,
	author = {M. Wooldridge},
	title = {{An Introduction to Multiagent Systems}},
	month = {},
	year = {2002},
	pages = {348},
	keywords = {},
	note = {},
	url = {},
	publication_type = {book},
	submission_id = {},
	ISBN = {047149691X},
	publisher = {John Wiley and Sons Ltd}
}
%%%%%%%%%%%%%%%%%%%%%%%%%%%%%%%%%%%%
@inproceedings{Wooldridge01,
	author = {M. Wooldridge},
	title = {{Intelligent Agents: The Key Concepts}},
	booktitle = {Multi-Agent Systems and Applications II},
 	editor={M. Luck and V. Marik and O. Stepankova and R. Trappl},
 	volume = {},
 	issue = {},
 	month = {},
 	year = {2001},
 	pages = {3--43},
 	location = {},
 	publisher = {Springer}
} 

%%%%%%%%%%%%%%%%%%%%%%%%%%%%%%%%%%%%
@book{WriDec97,
	author = {R.~T. Wright and S.~H. Decker},
	title = {{Armed Robbers in Action: Stickups and Street Culture}},
	year = {1997},
 	location = {Boston},
 	publisher = {Northeastern University Press}
} 

%%%%%%%%%%%%%%%%%%%%%%%%%%%%%%%%%%%%%%%%%

@manual{WS-Addressing,
  title = {Web Services Addressing (WS-Addressing)},
  organization = {{BEA Systems Inc., IBM Corp., and Microsoft Corp.}},
  note = {Last cited May 2004, \\ ftp://www6.software.ibm.com/software/developer/library/ws-add200403.pdf},
  month = {March},
  year = {2004}
}

%%%%%%%%%%%%%%%%%%%%%%%%%%%%%%%%%%%%%%%%%

@manual{wsa04,
  editor = "David Booth and others",
  month = "February",
  organization = "World Wide Web Consortium",
  title = "Web Services Architecture",
  type = "{W3C} Working Group Note",
  year = "2004",
  note = "Last visited May 2004, \url{http://www.w3.org/TR/ws-arch/}"
}
  
%%%%%%%%%%%%%%%%%%%%%%%%%%%%%%%%%%%%%%%%%

@manual{WSCI-10,
  title = {{Web Service Choreography Interface (WSCI) 1.0}},
  organization = {W3C},
  note = {Last visited May 2004, \url{http://www.w3.org/TR/2002/NOTE-wsci-20020808}},
  copyright = {BEA Systems and Intalio and SAP and Sun Microsystems},
  month = {August},
  year = {2002}
}

%%%%%%%%%%%%%%%%%%%%%%%%%%%%%%%%%%%%%%%%%
@manual{WSDL-12,
  title = {Web Services Description Language (WSDL) Version 1.2 
           Part 1: Core Language},
  organization = {W3C},
  note = {Last visited May 2004, \url{http://www.w3.org}},
  rest = { /TR/2003/WD-wsdl12-20030303},
  month = {June},
  year = {2003}
}

%%%%%%%%%%%%%%%%%%%%%%%%%%%%%%%%%%%%%%%%%
@manual{XASM,
	author = {M.~Anlauff and P.~Kutter},
	title = {{eXtensible Abstract State Machines}},
	note = {XASM open source project: \url{http://www.xasm.org}}
}

%%%%%%%%%%%%%%%%%%%%%%%%%%%%%%%%%%%%%%%%%

@manual{XML-10,
  title = {{Extensible Markup Language (XML) 1.0 (Third Edition)}},
  organization = {W3C},
  note = {Last visited July 2004, \url{http://www.w3.org/TR/2004/REC-xml-20040204}},
  copyright = {W3C},
  month = {February},
  year = {2004}
}

%%%%%%%%%%%%%%%%%%%%%%%%%%%%%%%%%%%%%%%%%

@manual{XPath-10,
  title = {{XML Path Language (XPath) Version 1.0}},
  organization = {W3C},
  note = {Last visited June 2004, \url{http://www.w3.org/TR/1999/REC-xpath-19991116}},
  copyright = {W3C},
  month = {November},
  year = {1999}
}

%%%%%%%%%%%%%%%%%%%%%%%%%%%%%%%%%%%%%%%%%

@manual{XSD,
  title = {{XML Schema: Formal Description}},
  organization = {W3C},
  note = {Last visited July 2004, \url{http://www.w3.org/TR/xmlschema-formal/}},
  copyright = {W3C},
  month = {September},
  year = {2001}
}

%%%%%%%%%%%%%%%%%%%%%%%%%%%%%%%%%%%%%%%%%%%%%%%%%%%%%%%%%%%%
@Article{YiJiYuYa03,
	author = {W. Yimin and X. Jianmin and H. Yucong and Y. Qinghong},
	title = {{A Shortest Path Algorithm Based on Hierarchical Graph Model}},
	journal = {Intelligent Transportation Systems},
 	volume = {2},
 	month = {October},
 	year = {2003},
 	pages = {1511--1514},
 	publisher = {IEEE}
}
%%%%%%%%%%%%%%%%%%%%%%%%%%%%%%%%%%%%%%%%%%%%%%%%%%%%
@Article{Zhan97,
	author = {F.~B. Zhan},
	title = {{Three Fastest Shortest Path Algorithms on Real Road Networks: Data Structures and Procedures}},
	journal = {Journal of Geographic Information and Decision Analysis},
 	volume = {1},
 	number = {1},
 	month = {February},
 	year = {1997},
 	pages = {69--82},
  URL = {http://publish.uwo.ca/\~{}jmalczew/gida\_1/Zhan/Zhan.htm}
}

%% END %%%%%%%


